<?xml version="1.0" encoding="UTF-8"?><record xmlns="http://www.loc.gov/MARC21/slim" xmlns:cinclude="http://apache.org/cocoon/include/1.0" xmlns:zs="http://www.loc.gov/zing/srw/">
  <leader>00524cz  a2200157n  4500</leader>
  <controlfield tag="001">no2011087997</controlfield>
  <controlfield tag="003">DLC</controlfield>
  <controlfield tag="005">20110609075236.0</controlfield>
  <controlfield tag="008">110606n| acannaabn          |b aaa     c</controlfield>
  <datafield tag="010" ind1=" " ind2=" ">
    <subfield code="a">no2011087997</subfield>
  </datafield>
  <datafield tag="035" ind1=" " ind2=" ">
    <subfield code="a">(OCoLC)oca08878714</subfield>
  </datafield>
  <datafield tag="040" ind1=" " ind2=" ">
    <subfield code="a">IaIaUAC</subfield>
    <subfield code="b">eng</subfield>
    <subfield code="c">IaIaUAC</subfield>
    <subfield code="d">DLC</subfield>
  </datafield>
  <datafield tag="100" ind1="1" ind2=" ">
    <subfield code="a">Saʻdī, ʻAlī ʻAbd al-Fattāḥ</subfield>
  </datafield>
  <datafield tag="400" ind1="1" ind2=" ">
    <subfield code="a">سعدي، علي عبد الفتاح</subfield>
  </datafield>
  <datafield tag="667" ind1=" " ind2=" ">
    <subfield code="a">Non-Latin script reference not evaluated.</subfield>
  </datafield>
  <datafield tag="670" ind1=" " ind2=" ">
    <subfield code="a">Arkān al-Islām, 2010:</subfield>
    <subfield code="b">t.p. (al-Duktūr ʻAlī ʻAbd al-Fattāḥ al-Saʻdī)</subfield>
  </datafield>
</record>